<record><leader>00000cas a22000007a 4500</leader><controlfield tag="001">9959009</controlfield><controlfield tag="008">830928d18481849maudn ne      0    0eng d</controlfield><datafield ind1=" " ind2=" " tag="010"><subfield code="a">sn 83021217 </subfield></datafield><datafield ind1=" " ind2=" " tag="040"><subfield code="a">NPX</subfield><subfield code="b">eng</subfield><subfield code="c">NPX</subfield><subfield code="d">OCLCQ</subfield></datafield><datafield ind1=" " ind2=" " tag="042"><subfield code="a">msc</subfield></datafield><datafield ind1=" " ind2=" " tag="043"><subfield code="a">n-us-ma</subfield></datafield><datafield ind1="0" ind2="0" tag="245"><subfield code="a">Worcester daily telegraph.</subfield></datafield><datafield ind1=" " ind2=" " tag="260"><subfield code="a">Worcester, Mass. :</subfield><subfield code="b">Clarke, Cushing &amp; Gerrish,</subfield><subfield code="c">-1849.</subfield></datafield><datafield ind1=" " ind2=" " tag="300"><subfield code="a">v. ;</subfield><subfield code="c">51 cm.</subfield></datafield><datafield ind1=" " ind2=" " tag="310"><subfield code="a">Daily (except Sun.)</subfield></datafield><datafield ind1="0" ind2=" " tag="362"><subfield code="a">-v. 3, no. 113 (Mar. 15, 1849).</subfield></datafield><datafield ind1="1" ind2=" " tag="362"><subfield code="a">Began in Aug. 1848.</subfield><subfield code="z">Cf. Hull, d. Hist. of Worcester newspapers (typescript at American Antiquarian Society).</subfield></datafield><datafield ind1=" " ind2=" " tag="500"><subfield code="a">Editors: J.L. Clarke, &lt;Dec. 9, 1848-Jan. 5, 1849&gt;; E. Plummer, &lt;Feb. 20, 1849&gt;-Mar. 15, 1849.</subfield></datafield><datafield ind1=" " ind2=" " tag="588"><subfield code="a">Description based on: Vol. 3, no. 33 (Dec. 9, 1848).</subfield></datafield><datafield ind1="1" ind2=" " tag="700"><subfield code="a">Plummer, Edwin.</subfield></datafield><datafield ind1="1" ind2=" " tag="700"><subfield code="a">Clarke, Julius L.</subfield></datafield><datafield ind1=" " ind2=" " tag="752"><subfield code="a">United States</subfield><subfield code="b">Massachusetts</subfield><subfield code="c">Worcester</subfield><subfield code="d">Worcester.</subfield></datafield><datafield ind1="0" ind2="0" tag="780"><subfield code="t">Worcester telegraph</subfield><subfield code="w">(DLC)sn 83021216</subfield></datafield></record>